@article{1, 
    author = {Shalev-Swhartz, Shai AND Singer, Yoram AND Cotter, Andrew 				  AND Srebro, Nathan}, 
    title = {Pegasos : Primal Estimated Gradient Solver for SVM.},
    journal = {Springer - Journal of mathematical programming},
    year = {2011}, 
    month = {March}
}


@article{2, 
	author = {Shalev-Swhartz, Shai AND Zhang, Tong}, 
	title = {Stochastic Dual Coordinate Ascent Methods for Regularized 					 Loss Minimization}, 
	journal = {Journal of machine learning research}, 
	year = {2013}, 
	month = {February}
}